@inproceedings{Maclaurin:1,
  title={Firefly Monte Carlo: Exact MCMC with subsets of data},
  author={Maclaurin, Dougal and Adams, Ryan Prescott},
  booktitle={Twenty-Fourth International Joint Conference on Artificial Intelligence},
  year={2015}
}
@book{BDA3,
  title={Bayesian data analysis},
  author={Gelman, Andrew and Carlin, John B and Stern, Hal S and Dunson, David B and Vehtari, Aki and Rubin, Donald B},
  year={2013},
  publisher={Chapman and Hall/CRC}
}
@article{Bardenet:1,
  title={On Markov chain Monte Carlo methods for tall data},
  author={Bardenet, R{\'e}mi and Doucet, Arnaud and Holmes, Chris},
  journal={The Journal of Machine Learning Research},
  volume={18},
  number={1},
  pages={1515--1557},
  year={2017},
  publisher={JMLR. org}
}
@book{SI,
  title={Statistical inference},
  author={Casella, George and Berger, Roger L},
  volume={2},
  year={2002},
  publisher={Duxbury Pacific Grove, CA}
}

%Fiks denne siteringen
@article{CS,
  title={Computational Statistics, John Wiley\&Sons},
  author={Givens, Geof H and Hoeting, JA},
  journal={Inc., Hoboken, New Jersey},
  year={2013}
}

@book{MCMC_in_pract,
  title={Markov chain Monte Carlo in practice},
  author={Gilks, Walter R and Richardson, Sylvia and Spiegelhalter, David},
  year={1995},
  publisher={Chapman and Hall/CRC}
} 

%Denne ogs√•?
@book{Simulation, 
    Author = {Sheldon M. Ross},
    Booktitle = {Simulation}, 
    Isbn = {9780124158252}, 
    Publisher = {Elsevier Science},
    title = {Simulation, 5th edition}, 
    Year = {2012}}

@inproceedings{Bardenet:2,
  title={Towards scaling up Markov chain Monte Carlo: an adaptive subsampling approach},
  author={Bardenet, R{\'e}mi and Doucet, Arnaud and Holmes, Chris},
  year={2014}
}  

@article{wagenmakers,
  title={Bayesian versus frequentist inference},
  author={Wagenmakers, Eric-Jan and Lee, Michael and Lodewyckx, Tom and Iverson, Geoffrey J},
  booktitle={Bayesian evaluation of informative hypotheses},
  pages={181--207},
  year={2008},
  publisher={Springer}
}
@article{vi,
  title={Variational inference: A review for statisticians},
  author={Blei, David M and Kucukelbir, Alp and McAuliffe, Jon D},
  journal={Journal of the American statistical Association},
  volume={112},
  number={518},
  pages={859--877},
  year={2017},
  publisher={Taylor \& Francis}
}
@article{Besag,
 ISSN = {00359246},
 URL = {http://www.jstor.org/stable/2346064},
 author = {Julian Besag and Peter J. Green},
 journal = {Journal of the Royal Statistical Society. Series B (Methodological)},
 number = {1},
 pages = {25--37},
 publisher = {[Royal Statistical Society, Wiley]},
 title = {Spatial Statistics and Bayesian Computation},
 volume = {55},
 year = {1993}
}
@article{mira2001metropolis,
  title={On Metropolis-Hastings algorithms with delayed rejection},
  author={Mira, Antonietta and others},
  journal={Metron},
  volume={59},
  number={3-4},
  pages={231--241},
  year={2001}
}